%% This BibTeX bibliography file was created using BibDesk.
%% http://bibdesk.sourceforge.net/

%% Created for Christopher Weiss-Lehman at 2018-06-21 14:08:30 -0500 


%% Saved with string encoding Unicode (UTF-8) 



@article{shaw2015dispersal,
	Author = {Shaw, Allison K and Kokko, Hanna},
	Journal = {The American Naturalist},
	Pages = {631--639},
	Publisher = {University of Chicago Press Chicago, IL},
	Title = {Dispersal evolution in the presence of Allee effects can speed up or slow down invasions},
	Volume = {185},
	Year = {2015}}

@article{henry2013eco,
	Author = {Henry, Roslyn C and Bocedi, Greta and Travis, Justin MJ},
	Journal = {Journal of Theoretical Biology},
	Pages = {1--7},
	Publisher = {Elsevier},
	Title = {Eco-evolutionary dynamics of range shifts: elastic margins and critical thresholds},
	Volume = {321},
	Year = {2013}}

@article{atkins2010local,
	Author = {Atkins, KE and Travis, JMJ},
	Journal = {Journal of Theoretical Biology},
	Number = {3},
	Pages = {449--457},
	Publisher = {Elsevier},
	Title = {Local adaptation and the evolution of species' ranges under climate change},
	Volume = {266},
	Year = {2010}}

@article{hargreaves2015fitness,
	Author = {Hargreaves, AL and Bailey, SF and Laird, Robert A},
	Journal = {Journal of Evolutionary Biology},
	Number = {8},
	Pages = {1489--1501},
	Publisher = {Wiley Online Library},
	Title = {Fitness declines towards range limits and local adaptation to climate affect dispersal evolution during climate-induced range shifts},
	Volume = {28},
	Year = {2015}}

@article{aguilee2016pollen,
	Author = {Aguil{\'e}e, Robin and Raoul, Ga{\"e}l and Rousset, Fran{\c{c}}ois and Ronce, Oph{\'e}lie},
	Journal = {Proceedings of the National Academy of Sciences},
	Number = {39},
	Pages = {E5741--E5748},
	Publisher = {National Acad Sciences},
	Title = {Pollen dispersal slows geographical range shift and accelerates ecological niche shift under climate change},
	Volume = {113},
	Year = {2016}}

@article{van2016spatial,
	Author = {Van Petegem, Katrien HP and Boeye, Jeroen and Stoks, Robby and Bonte, Dries},
	Journal = {The American Naturalist},
	Number = {5},
	Pages = {485--498},
	Publisher = {University of Chicago Press Chicago, IL},
	Title = {Spatial selection and local adaptation jointly shape life-history evolution during range expansion},
	Volume = {188},
	Year = {2016}}

@article{hargreaves2014evolution,
	Author = {Hargreaves, Anna L and Eckert, Christopher G},
	Journal = {Functional Ecology},
	Number = {1},
	Pages = {5--21},
	Publisher = {Wiley Online Library},
	Title = {Evolution of dispersal and mating systems along geographic gradients: implications for shifting ranges},
	Volume = {28},
	Year = {2014}}

@article{chen2011rapid,
	Author = {Chen, I-Ching and Hill, Jane K and Ohlem{\"u}ller, Ralf and Roy, David B and Thomas, Chris D},
	Journal = {Science},
	Number = {6045},
	Pages = {1024--1026},
	Publisher = {American Association for the Advancement of Science},
	Title = {Rapid range shifts of species associated with high levels of climate warming},
	Volume = {333},
	Year = {2011}}

@article{davis2001range,
	Author = {Davis, Margaret B and Shaw, Ruth G},
	Journal = {Science},
	Number = {5517},
	Pages = {673--679},
	Publisher = {American Association for the Advancement of Science},
	Title = {Range shifts and adaptive responses to Quaternary climate change},
	Volume = {292},
	Year = {2001}}

@article{walther2002ecological,
	Author = {Walther, Gian-Reto and Post, Eric and Convey, Peter and Menzel, Annette and Parmesan, Camille and Beebee, Trevor JC and Fromentin, Jean-Marc and Hoegh-Guldberg, Ove and Bairlein, Franz},
	Journal = {Nature},
	Number = {6879},
	Pages = {389},
	Publisher = {Nature Publishing Group},
	Title = {Ecological responses to recent climate change},
	Volume = {416},
	Year = {2002}}

@article{parmesan2003globally,
	Author = {Parmesan, Camille and Yohe, Gary},
	Journal = {Nature},
	Number = {6918},
	Pages = {37},
	Publisher = {Nature Publishing Group},
	Title = {A globally coherent fingerprint of climate change impacts across natural systems},
	Volume = {421},
	Year = {2003}}

@article{parmesan2006ecological,
	Author = {Parmesan, Camille},
	Journal = {Annual Review of Ecology, Evolution, and Systematics},
	Pages = {637--669},
	Publisher = {Annual Reviews},
	Title = {Ecological and evolutionary responses to recent climate change},
	Volume = {37},
	Year = {2006}}

@article{parmesan1999poleward,
	Author = {Parmesan, Camille and Ryrholm, Nils and Stefanescu, Constant{\'\i} and Hill, Jane K and Thomas, Chris D and Descimon, Henri and Huntley, Brian and Kaila, Lauri and Kullberg, Jaakko and Tammaru, Toomas and others},
	Journal = {Nature},
	Number = {6736},
	Pages = {579},
	Publisher = {Nature Publishing Group},
	Title = {Poleward shifts in geographical ranges of butterfly species associated with regional warming},
	Volume = {399},
	Year = {1999}}

@article{perry2005climate,
	Author = {Perry, Allison L and Low, Paula J and Ellis, Jim R and Reynolds, John D},
	Journal = {Science},
	Number = {5730},
	Pages = {1912--1915},
	Publisher = {American Association for the Advancement of Science},
	Title = {Climate change and distribution shifts in marine fishes},
	Volume = {308},
	Year = {2005}}

@article{zhu2012failure,
	Author = {Zhu, Kai and Woodall, Christopher W and Clark, James S},
	Journal = {Global Change Biology},
	Number = {3},
	Pages = {1042--1052},
	Publisher = {Wiley Online Library},
	Title = {Failure to migrate: lack of tree range expansion in response to climate change},
	Volume = {18},
	Year = {2012}}

@article{sekercioglu2008climate,
	Author = {Sekercioglu, Cagan H and Schneider, Stephen H and Fay, John P and Loarie, Scott R},
	Journal = {Conservation Biology},
	Number = {1},
	Pages = {140--150},
	Publisher = {Wiley Online Library},
	Title = {Climate change, elevational range shifts, and bird extinctions},
	Volume = {22},
	Year = {2008}}

@article{hobbs2009novel,
	Author = {Hobbs, Richard J and Higgs, Eric and Harris, James A},
	Journal = {Trends in Ecology \& Evolution},
	Number = {11},
	Pages = {599--605},
	Publisher = {Elsevier},
	Title = {Novel ecosystems: implications for conservation and restoration},
	Volume = {24},
	Year = {2009}}

@article{gilman2010framework,
	Author = {Gilman, Sarah E and Urban, Mark C and Tewksbury, Joshua and Gilchrist, George W and Holt, Robert D},
	Journal = {Trends in Ecology \& Evolution},
	Number = {6},
	Pages = {325--331},
	Publisher = {Elsevier},
	Title = {A framework for community interactions under climate change},
	Volume = {25},
	Year = {2010}}

@article{williams2007novel,
	Author = {Williams, John W and Jackson, Stephen T},
	Journal = {Frontiers in Ecology and the Environment},
	Number = {9},
	Pages = {475--482},
	Publisher = {Wiley Online Library},
	Title = {Novel climates, no-analog communities, and ecological surprises},
	Volume = {5},
	Year = {2007}}

@article{loarie2009velocity,
	Author = {Loarie, Scott R and Duffy, Philip B and Hamilton, Healy and Asner, Gregory P and Field, Christopher B and Ackerly, David D},
	Journal = {Nature},
	Number = {7276},
	Pages = {1052},
	Publisher = {Nature Publishing Group},
	Title = {The velocity of climate change},
	Volume = {462},
	Year = {2009}}

@article{gonzalez2010global,
	Author = {Gonzalez, Patrick and Neilson, Ronald P and Lenihan, James M and Drapek, Raymond J},
	Journal = {Global Ecology and Biogeography},
	Number = {6},
	Pages = {755--768},
	Publisher = {Wiley Online Library},
	Title = {Global patterns in the vulnerability of ecosystems to vegetation shifts due to climate change},
	Volume = {19},
	Year = {2010}}

@article{penuelas2003global,
	Author = {Pe{\~n}uelas, Josep and Boada, Marti},
	Journal = {Global Change Biology},
	Number = {2},
	Pages = {131--140},
	Publisher = {Wiley Online Library},
	Title = {A global change-induced biome shift in the Montseny mountains (NE Spain)},
	Volume = {9},
	Year = {2003}}

@article{hansen2001global,
	Author = {Hansen, Andrew J and Neilson, Ronald P and Dale, Virginia H and Flather, Curtis H and Iverson, Louis R and Currie, David J and Shafer, Sarah and Cook, Rosamonde and Bartlein, Patrick J},
	Journal = {AIBS Bulletin},
	Number = {9},
	Pages = {765--779},
	Publisher = {American Institute of Biological Sciences},
	Title = {Global Change in Forests: Responses of Species, Communities, and Biomes: Interactions between climate change and land use are projected to cause large shifts in biodiversity},
	Volume = {51},
	Year = {2001}}

@article{scholze2006climate,
	Author = {Scholze, Marko and Knorr, Wolfgang and Arnell, Nigel W and Prentice, I Colin},
	Journal = {Proceedings of the National Academy of Sciences},
	Number = {35},
	Pages = {13116--13120},
	Publisher = {National Acad Sciences},
	Title = {A climate-change risk analysis for world ecosystems},
	Volume = {103},
	Year = {2006}}

@article{skellam1951random,
	Author = {Skellam, John Gordon},
	Journal = {Biometrika},
	Number = {1/2},
	Pages = {196--218},
	Publisher = {JSTOR},
	Title = {Random dispersal in theoretical populations},
	Volume = {38},
	Year = {1951}}

@article{hastings2005spatial,
	Author = {Hastings, Alan and Cuddington, Kim and Davies, Kendi F and Dugaw, Christopher J and Elmendorf, Sarah and Freestone, Amy and Harrison, Susan and Holland, Matthew and Lambrinos, John and Malvadkar, Urmila and others},
	Journal = {Ecology Letters},
	Number = {1},
	Pages = {91--101},
	Publisher = {Wiley Online Library},
	Title = {The spatial spread of invasions: new developments in theory and evidence},
	Volume = {8},
	Year = {2005}}

@article{shine2011evolutionary,
	Author = {Shine, Richard and Brown, Gregory P and Phillips, Benjamin L},
	Journal = {Proceedings of the National Academy of Sciences},
	Number = {14},
	Pages = {5708--5711},
	Publisher = {National Acad Sciences},
	Title = {An evolutionary process that assembles phenotypes through space rather than through time},
	Volume = {108},
	Year = {2011}}

@article{burton2010trade,
	Author = {Burton, Olivia J and Phillips, Ben L and Travis, Justin MJ},
	Journal = {Ecology Letters},
	Number = {10},
	Pages = {1210--1220},
	Publisher = {Wiley Online Library},
	Title = {Trade-offs and the evolution of life-histories during range expansion},
	Volume = {13},
	Year = {2010}}

@article{excoffier2009genetic,
	Author = {Excoffier, Laurent and Foll, Matthieu and Petit, R{\'e}my J},
	Journal = {Annual Review of Ecology, Evolution, and Systematics},
	Pages = {481--501},
	Publisher = {Annual Reviews},
	Title = {Genetic consequences of range expansions},
	Volume = {40},
	Year = {2009}}

@article{kubisch2014and,
	Author = {Kubisch, Alexander and Holt, Robert D and Poethke, Hans-Joachim and Fronhofer, Emanuel A},
	Journal = {Oikos},
	Number = {1},
	Pages = {5--22},
	Publisher = {Wiley Online Library},
	Title = {Where am I and why? Synthesizing range biology and the eco-evolutionary dynamics of dispersal},
	Volume = {123},
	Year = {2014}}

@article{weiss2017rapid,
	Author = {Weiss-Lehman, Christopher and Hufbauer, Ruth A and Melbourne, Brett A},
	Journal = {Nature Communications},
	Pages = {14303},
	Publisher = {Nature Publishing Group},
	Title = {Rapid trait evolution drives increased speed and variance in experimental range expansions},
	Volume = {8},
	Year = {2017}}

@article{ochocki2017rapid,
	Author = {Ochocki, Brad M and Miller, Tom EX},
	Journal = {Nature Communications},
	Pages = {14315},
	Publisher = {Nature Publishing Group},
	Title = {Rapid evolution of dispersal ability makes biological invasions faster and more variable},
	Volume = {8},
	Year = {2017}}

@article{szHucs2017rapid,
	Author = {Sz{\H{u}}cs, M and Vahsen, ML and Melbourne, BA and Hoover, C and Weiss-Lehman, C and Hufbauer, RA},
	Journal = {Proceedings of the National Academy of Sciences},
	Number = {51},
	Pages = {13501--13506},
	Publisher = {National Acad Sciences},
	Title = {Rapid adaptive evolution in novel environments acts as an architect of population range expansion},
	Volume = {114},
	Year = {2017}}

@article{phillips2015evolutionary,
	Author = {Phillips, Ben L},
	Journal = {Biological Invasions},
	Number = {7},
	Pages = {1949--1960},
	Publisher = {Springer},
	Title = {Evolutionary processes make invasion speed difficult to predict},
	Volume = {17},
	Year = {2015}}

@article{lande1976natural,
	Author = {Lande, Russell},
	Journal = {Evolution},
	Number = {2},
	Pages = {314--334},
	Publisher = {Wiley Online Library},
	Title = {Natural selection and random genetic drift in phenotypic evolution},
	Volume = {30},
	Year = {1976}}

@article{ricker1954stock,
	Author = {Ricker, William E},
	Journal = {Journal of the Fisheries Board of Canada},
	Number = {5},
	Pages = {559--623},
	Publisher = {NRC Research Press},
	Title = {Stock and recruitment},
	Volume = {11},
	Year = {1954}}

@article{melbourne2008extinction,
	Author = {Melbourne, Brett A and Hastings, Alan},
	Journal = {Nature},
	Number = {7200},
	Pages = {100},
	Publisher = {Nature Publishing Group},
	Title = {Extinction risk depends strongly on factors contributing to stochasticity},
	Volume = {454},
	Year = {2008}}

@article{team2000r,
	Author = {Team, R Core},
	Journal = {Vienna, Austria: R Foundation for Statistical Computing.},
	Title = {R language definition},
	Year = {2000}}
