%% Bibliography file for the supplementary materials

@article{lande1976natural,
	Author = {Lande, Russell},
	Journal = {Evolution},
	Number = {2},
	Pages = {314--334},
	Publisher = {Wiley Online Library},
	Title = {Natural selection and random genetic drift in phenotypic evolution},
	Volume = {30},
	Year = {1976}}
	
@article{ricker1954stock,
	Author = {Ricker, William E},
	Journal = {Journal of the Fisheries Board of Canada},
	Number = {5},
	Pages = {559--623},
	Publisher = {NRC Research Press},
	Title = {Stock and recruitment},
	Volume = {11},
	Year = {1954}}

@article{melbourne2008extinction,
	Author = {Melbourne, Brett A and Hastings, Alan},
	Journal = {Nature},
	Number = {7200},
	Pages = {100},
	Publisher = {Nature Publishing Group},
	Title = {Extinction risk depends strongly on factors contributing to stochasticity},
	Volume = {454},
	Year = {2008}}
	
	